<?xml version="1.0" encoding="UTF-8"?><collection xmlns="http://www.loc.gov/MARC21/slim"><record><leader>00417nam--2200145-i-4500</leader><controlfield tag="001">000000194</controlfield><controlfield tag="002">20161230</controlfield><controlfield tag="005">20161230201023</controlfield><controlfield tag="008">060222s1000------------r-----000-0-eng-d</controlfield><datafield ind1=" " ind2=" " tag="080"><subfield code="a">530.145.7:513.882</subfield></datafield><datafield ind1=" " ind2=" " tag="100"><subfield code="a">Friedrichs, Kurt O</subfield></datafield><datafield ind1=" " ind2=" " tag="245"><subfield code="a">Perturbation of spectra in hilbert space</subfield></datafield><datafield ind1=" " ind2=" " tag="260"><subfield code="a">Providence, American Mathematical Society. Xiii + 178 P</subfield></datafield><datafield ind1=" " ind2=" " tag="490"><subfield code="a">Lectures In Applied Mathematics</subfield></datafield><datafield ind1=" " ind2=" " tag="852"><subfield code="a">30649</subfield></datafield></record></collection>